@article{behnel2011cython,
  title={Cython: The best of both worlds},
  author={Behnel, Stefan and Bradshaw, Robert and Citro, Craig and Dalcin, Lisandro and Seljebotn, Dag Sverre and Smith, Kurt},
  journal={Computing in Science \& Engineering},
  volume={13},
  number={2},
  pages={31--39},
  year={2011},
  publisher={IEEE}
}
@ARTICLE{1911RSPTA.210..307R,
       author = {{Richardson}, L.~F.},
        title = "{The Approximate Arithmetical Solution by Finite Differences of Physical Problems Involving Differential Equations, with an Application to the Stresses in a Masonry Dam}",
      journal = {Philosophical Transactions of the Royal Society of London Series A},
         year = 1911,
        month = jan,
       volume = {210},
        pages = {307-357},
          doi = {10.1098/rsta.1911.0009},
       adsurl = {https://ui.adsabs.harvard.edu/abs/1911RSPTA.210..307R},
      adsnote = {Provided by the SAO/NASA Astrophysics Data System}
}
@misc{numericaldiff,
author={Kaw, Autar},
title={2.03: Numerical Differentiation of Functions at Discrete Data Points},
url={https://math.libretexts.org/Workbench/Numerical_Methods_with_Applications_(Kaw)/2%3A_Differentiation/2.03%3A_Numerical_Differentiation_of_Functions_at_Discrete_Data_Points}}

@book{sauer_numerical_2012,
	address = {Boston},
	edition = {2nd ed},
	title = {Numerical analysis},
	isbn = {9780321783677},
	publisher = {Pearson},
	author = {Sauer, Tim},
	year = {2012},
	note = {OCLC: ocn725295545},
	keywords = {Numerical analysis},
}
@misc{pytestx.y,
  title =        {pytest x.y},
  author = {Krekel, Holger and Oliveira, Bruno and Pfannschmidt, Ronny and Bruynooghe, Floris and Laugher, Brianna and Bruhin, Florian},
  year =         {2004},
  url = {https://github.com/pytest-dev/pytest},
}
@article{brandl2021sphinx,
  title={Sphinx documentation},
  author={Brandl, Georg},
  journal={URL http://sphinx-doc. org/sphinx. pdf},
  year={2021}
}
@misc{cibuildwheel,
title={cibuildwheel},
author={Rickerby, Joe and Jadoul, Yannick and Darbois, Matthieu and Schreiner, Henry and Bokota Grzegorz},
year={2017},
url={https://github.com/pypa/cibuildwheel}}